@inproceedings{forward2008taxonomy,
 title={A taxonomy of software types to facilitate search and evidence-based software engineering},
 author={Forward, Andrew and Lethbridge, Timothy C},
 booktitle={Proceedings of the 2008 conference of the center for advanced studies on collaborative research: meeting of minds},
 pages={179--191},
  year={2008}
}

@inproceedings{capiluppi2020towards,
  title={Towards A Dependency-Driven Taxonomy of Software Types},
  author={Capiluppi, Andrea and Ajienka, Nemitari},
  booktitle={Proceedings of the IEEE/ACM 42nd International Conference on Software Engineering Workshops},
  pages={687--694},
  year={2020}
}

@inproceedings{villalon2015taxonomy,
  title={A taxonomy for software testing projects},
  author={Villal{\'o}n, Jose Calvo-Manzano and Agustin, Gonzalo Cuevas and Gilabert, Tom{\'a}s San Feliu and Puello, Jos{\'e} de Jes{\'u}s Jim{\'e}nez},
  booktitle={2015 10th Iberian Conference on Information Systems and Technologies (CISTI)},
  pages={1--6},
  year={2015},
  organization={IEEE}
}

@phdthesis{barnes2013software,
  title={Software architecture evolution},
  author={Barnes, Jeffrey M},
  year={2013},
  school={Carnegie Mellon University}
}

@techreport{kasunic2008data,
  title={A data specification for software project performance measures: Results of a collaboration on performance measurement},
  author={Kasunic, Mark},
  year={2008},
  institution={Carnegie-Mellon Univ Pittsburgh PA Software Engineering Inst}
}

@phdthesis{usman2015supporting,
  title={Supporting effort estimation in agile software development},
  author={Usman, Muhammad},
  year={2015},
  school={Blekinge Tekniska H{\"o}gskola}
}

@book{stray2020agile,
  title={Agile Processes in Software Engineering and Extreme Programming: 21st International Conference on Agile Software Development, XP 2020, Copenhagen, Denmark, June 8--12, 2020, Proceedings},
  author={Stray, Viktoria and Hoda, Rashina and Paasivaara, Maria and Kruchten, Philippe},
  year={2020},
  publisher={Springer Nature}
}

 @misc{munroe927,
  title={Standards}, 
  url={https://xkcd.com/927/},
  journal={xkcd},
  author={Munroe, Randall}
} 

